<record><leader>00000cas a22000007a 4500</leader><controlfield tag="001">14217791</controlfield><controlfield tag="008">860915d18921916iaudn ne      0    0eng d</controlfield><datafield ind1=" " ind2=" " tag="010"><subfield code="a">sn 86060170 </subfield></datafield><datafield ind1=" " ind2=" " tag="040"><subfield code="a">INP</subfield><subfield code="b">eng</subfield><subfield code="c">INP</subfield><subfield code="d">OCLCQ</subfield></datafield><datafield ind1=" " ind2=" " tag="042"><subfield code="a">msc</subfield></datafield><datafield ind1="0" ind2=" " tag="130"><subfield code="a">Fairfield daily journal (Fairfield, Iowa : 1892)</subfield></datafield><datafield ind1="1" ind2="4" tag="245"><subfield code="a">The Fairfield daily journal.</subfield></datafield><datafield ind1="1" ind2="3" tag="246"><subfield code="a">Fairfield journal</subfield><subfield code="f">Dec. 17-21, 1892; Dec. 12, 1912; Mar. 6-12, 1913</subfield></datafield><datafield ind1="1" ind2="3" tag="246"><subfield code="a">Daily journal</subfield><subfield code="f">&lt;Jan. 3, 1911&gt;-Oct. 12, 1916</subfield></datafield><datafield ind1=" " ind2=" " tag="260"><subfield code="a">Fairfield, Iowa :</subfield><subfield code="b">Fairfield Journal Co.,</subfield><subfield code="c">1892-1916.</subfield></datafield><datafield ind1=" " ind2=" " tag="300"><subfield code="a">24 v. :</subfield><subfield code="b">ill. ;</subfield><subfield code="c">48-59 cm.</subfield></datafield><datafield ind1=" " ind2=" " tag="310"><subfield code="a">Daily (except Sunday and certain holidays)</subfield></datafield><datafield ind1="0" ind2=" " tag="362"><subfield code="a">Year 14, no. 4565 (Nov. 15, 1892)-v. 36, no. 233 (Oct. 12, 1916).</subfield></datafield><datafield ind1=" " ind2=" " tag="500"><subfield code="a">Publisher varies.</subfield></datafield><datafield ind1=" " ind2=" " tag="500"><subfield code="a">Originally edited by: H.C. Smith.</subfield></datafield><datafield ind1=" " ind2=" " tag="515"><subfield code="a">Vol. 36, no. 233 repeated in numbering on Oct. 11 and 12, 1916; v. 36, no. 234 omitted in numbering.</subfield></datafield><datafield ind1=" " ind2=" " tag="580"><subfield code="a">Weekly editions: Fairfield weekly journal, 1892-&lt;June 8, 1904&gt;; Fairfield journal (Fairfield, Iowa : 1904 : Weekly), &lt;June 22, 1904&gt;-Oct. 28, 1914.</subfield></datafield><datafield ind1=" " ind2=" " tag="752"><subfield code="a">United States</subfield><subfield code="b">Iowa</subfield><subfield code="c">Jefferson</subfield><subfield code="d">Fairfield.</subfield></datafield><datafield ind1="1" ind2=" " tag="775"><subfield code="t">Fairfield weekly journal</subfield><subfield code="g">1892-&lt;June 8, 1904&gt;</subfield></datafield><datafield ind1="1" ind2=" " tag="775"><subfield code="t">Fairfield journal (Fairfield, Iowa : 1904)</subfield><subfield code="g">&lt;June, 22, 1904&gt;-Oct. 28, 1914</subfield></datafield><datafield ind1="0" ind2="0" tag="780"><subfield code="t">Daily journal (Fairfield, Iowa : 1892)</subfield><subfield code="w">(DLC)sn 86060183</subfield></datafield><datafield ind1="0" ind2="0" tag="785"><subfield code="t">Fairfield journal (Fairfield, Iowa : 1916)</subfield><subfield code="w">(DLC)sn 86060177</subfield></datafield><datafield ind1="1" ind2=" " tag="029"><subfield code="a">AU@</subfield><subfield code="b">000025809428</subfield></datafield></record>